<?xml version="1.0" encoding="UTF-8"?><record xmlns="http://www.loc.gov/MARC21/slim" xmlns:cinclude="http://apache.org/cocoon/include/1.0" xmlns:zs="http://www.loc.gov/zing/srw/">
  <leader>00511nz  a2200145n  4500</leader>
  <controlfield tag="001">n 2011023323</controlfield>
  <controlfield tag="003">DLC</controlfield>
  <controlfield tag="005">20110407075030.0</controlfield>
  <controlfield tag="008">110406n| acannaabn          |b aaa      </controlfield>
  <datafield tag="010" ind1=" " ind2=" ">
    <subfield code="a">n 2011023323</subfield>
  </datafield>
  <datafield tag="040" ind1=" " ind2=" ">
    <subfield code="a">DLC</subfield>
    <subfield code="b">eng</subfield>
    <subfield code="c">DLC</subfield>
  </datafield>
  <datafield tag="100" ind1="1" ind2=" ">
    <subfield code="a">Kreĭndlin, M. L.</subfield>
  </datafield>
  <datafield tag="400" ind1="1" ind2=" ">
    <subfield code="a">Крейндлин, М. Л.</subfield>
  </datafield>
  <datafield tag="667" ind1=" " ind2=" ">
    <subfield code="a">Non-Latin script reference not evaluated</subfield>
  </datafield>
  <datafield tag="670" ind1=" " ind2=" ">
    <subfield code="a">K dvukhletnemu i︠u︡bilei︠u︡ novogo Lesnogo kodeksa Rossiĭskoĭ Federat︠s︡ii, 2009:</subfield>
    <subfield code="b">t.p. (Крейндлин М.Л. = Kreĭndlin M.L.)</subfield>
  </datafield>
</record>